<record><leader>00000cas a22000007a 4500</leader><controlfield tag="001">23459132</controlfield><controlfield tag="008">910412d19uu19uuohuuu ne      0    0eng d</controlfield><datafield ind1=" " ind2=" " tag="010"><subfield code="a">sn 91069975 </subfield></datafield><datafield ind1=" " ind2=" " tag="040"><subfield code="a">ONP</subfield><subfield code="b">eng</subfield><subfield code="c">ONP</subfield><subfield code="d">OCLCQ</subfield></datafield><datafield ind1=" " ind2=" " tag="042"><subfield code="a">msc</subfield></datafield><datafield ind1="0" ind2="4" tag="245"><subfield code="a">The St. Bernard journal.</subfield></datafield><datafield ind1="3" ind2="0" tag="246"><subfield code="a">Saint Bernard journal</subfield></datafield><datafield ind1=" " ind2=" " tag="260"><subfield code="a">St. Bernard, Ohio :</subfield><subfield code="b">Allen D. McEneny</subfield></datafield><datafield ind1=" " ind2=" " tag="300"><subfield code="a">v.</subfield></datafield><datafield ind1=" " ind2=" " tag="588"><subfield code="a">Description based on: Vol. 2, no. 51 (Dec. 18, 1941).</subfield></datafield><datafield ind1=" " ind2=" " tag="752"><subfield code="a">United States</subfield><subfield code="b">Ohio</subfield><subfield code="c">Hamilton</subfield><subfield code="d">Saint Bernard.</subfield></datafield></record>